<?xml version="1.0" encoding="UTF-8"?><collection xmlns="http://www.loc.gov/MARC21/slim"><record><leader>00622nam--2200181-i-4500</leader><controlfield tag="001">000039021</controlfield><controlfield tag="002">20161230</controlfield><controlfield tag="005">20170118172132</controlfield><controlfield tag="008">060222s1000------------r-----000-0-fre-d</controlfield><datafield ind1=" " ind2=" " tag="040"><subfield code="a">IFIN-HH</subfield></datafield><datafield ind1=" " ind2=" " tag="041"><subfield code="a">fre</subfield></datafield><datafield ind1=" " ind2=" " tag="080"><subfield code="a">539.172.8(043)</subfield></datafield><datafield ind1="1" ind2=" " tag="100"><subfield code="a">Rey Campagnolle-Epherre, Marcelle</subfield></datafield><datafield ind1="1" ind2="0" tag="245"><subfield code="a">Etude experimentale et semi-empirique de la spallation des noyaux legers. Application a la nucleosynthese de elements Lithium, Beryllium et Bore dans la galaxie</subfield><subfield code="b">These</subfield><subfield code="c">Marcelle Rey Campagnolle-Epherre</subfield></datafield><datafield ind1=" " ind2=" " tag="260"><subfield code="a">Paris</subfield><subfield code="b">Universite</subfield><subfield code="c">1972</subfield></datafield><datafield ind1=" " ind2=" " tag="300"><subfield code="a">101 p</subfield></datafield><datafield ind1=" " ind2=" " tag="852"><subfield code="a">40515</subfield><subfield code="c">539.17</subfield></datafield><datafield ind1=" " ind2=" " tag="CAT"><subfield code="a">SYS</subfield><subfield code="c">20170118</subfield><subfield code="h">172132</subfield></datafield></record></collection>